<?xml version="1.0" encoding="UTF-8"?><collection xmlns="http://www.loc.gov/MARC21/slim"><record><leader>00680nam--2200193-i-4500</leader><controlfield tag="001">000023546</controlfield><controlfield tag="002">20161230</controlfield><controlfield tag="005">20170103011007</controlfield><controlfield tag="008">060222s1000------------r-----000-0-rum-d</controlfield><datafield ind1=" " ind2=" " tag="040"><subfield code="a">IFIN-HH</subfield></datafield><datafield ind1=" " ind2=" " tag="041"><subfield code="a">rum</subfield></datafield><datafield ind1=" " ind2=" " tag="080"><subfield code="a">539.16.08(043)</subfield></datafield><datafield ind1="1" ind2=" " tag="100"><subfield code="a">Grigorescu, Leon Eric</subfield></datafield><datafield ind1="1" ind2="0" tag="245"><subfield code="a">Etalonarea radionuclizilor cu captura de electroni si cu schema beta-gama complex prin metoda extrapolarii eficacitatii</subfield><subfield code="b">Teza</subfield><subfield code="c">Leon Grigorescu</subfield></datafield><datafield ind1=" " ind2=" " tag="260"><subfield code="a">Bucuresti</subfield><subfield code="b">Comitetul De Stat Pentru Energia Nucleara, Institutul De Fizica Atomica</subfield><subfield code="c">1975</subfield></datafield><datafield ind1=" " ind2=" " tag="300"><subfield code="a">140 p</subfield></datafield><datafield ind1=" " ind2=" " tag="502"><subfield code="a">Conducator Stiintific: Acad.Prof.Dr. Ioan Ursu</subfield></datafield><datafield ind1=" " ind2=" " tag="852"><subfield code="a">43477</subfield><subfield code="c">539.163</subfield></datafield><datafield ind1=" " ind2=" " tag="CAT"><subfield code="a">SYS</subfield><subfield code="c">20170103</subfield><subfield code="h">011007</subfield></datafield></record></collection>